@preamble{ " \newcommand{\noop}[1]{} " } % a do-nothing command that serves a purpose

@misc{rust,
  title={{The Rust Programming Language}},
  author={Steve Klabnik and Carol Nichols},
  year="2018",
  howpublished={\url{https://doc.rust-lang.org/book/title-page.html}},
}


@InProceedings{permission,
author="Boyland, John",
editor="Cousot, Radhia",
title={{Checking Interference with Fractional Permissions}},
booktitle="Static Analysis",
year="2003",
publisher="Springer Berlin Heidelberg",
address="Berlin, Heidelberg",
pages="55--72",
isbn="978-3-540-44898-3"
}

